<record><leader>00000cas a22000007a 4500</leader><controlfield tag="001">4073579</controlfield><controlfield tag="007">cr un|||||||||</controlfield><controlfield tag="008">780721c19209999nbuwr ne      0    0eng d</controlfield><datafield ind1=" " ind2=" " tag="010"><subfield code="a">sn 89070132 </subfield></datafield><datafield ind1=" " ind2=" " tag="040"><subfield code="a">HUL</subfield><subfield code="b">eng</subfield><subfield code="c">HUL</subfield><subfield code="d">YOX</subfield><subfield code="d">NVG</subfield><subfield code="d">CNK</subfield><subfield code="d">CLU</subfield><subfield code="d">CUS</subfield><subfield code="d">OCLCF</subfield><subfield code="d">OCLCO</subfield></datafield><datafield ind1=" " ind2=" " tag="022"><subfield code="a">0021-6666</subfield></datafield><datafield ind1="1" ind2=" " tag="029"><subfield code="a">AU@</subfield><subfield code="b">000020552143</subfield></datafield><datafield ind1=" " ind2=" " tag="032"><subfield code="a">275620</subfield><subfield code="b">USPS</subfield></datafield><datafield ind1=" " ind2=" " tag="042"><subfield code="a">msc</subfield></datafield><datafield ind1=" " ind2=" " tag="043"><subfield code="a">n-us-nb</subfield></datafield><datafield ind1=" " ind2="4" tag="082"><subfield code="a">301.452</subfield></datafield><datafield ind1="0" ind2=" " tag="130"><subfield code="a">Jewish press (Omaha, Neb.)</subfield></datafield><datafield ind1="0" ind2="4" tag="245"><subfield code="a">The Jewish press.</subfield></datafield><datafield ind1=" " ind2=" " tag="260"><subfield code="a">Omaha, Neb. :</subfield><subfield code="b">Jewish Press Pub. Co.,</subfield><subfield code="c">1920-</subfield></datafield><datafield ind1=" " ind2=" " tag="300"><subfield code="a">v.</subfield></datafield><datafield ind1=" " ind2=" " tag="310"><subfield code="a">Weekly</subfield></datafield><datafield ind1="0" ind2=" " tag="362"><subfield code="a">Vol. 1, no. 1 (Dec. 16, 1920)-</subfield></datafield><datafield ind1=" " ind2=" " tag="515"><subfield code="a">Some numbering irregularities, 1923-1941.</subfield></datafield><datafield ind1=" " ind2=" " tag="515"><subfield code="a">Not published from mid-July to the last week of Aug. each year, 1960-1968.</subfield></datafield><datafield ind1=" " ind2=" " tag="530"><subfield code="a">Also available by subscription via the World Wide Web.</subfield></datafield><datafield ind1=" " ind2="0" tag="650"><subfield code="a">Jewish newspapers</subfield><subfield code="z">Middle West.</subfield></datafield><datafield ind1=" " ind2="0" tag="650"><subfield code="a">Jewish newspapers</subfield><subfield code="z">United States.</subfield></datafield><datafield ind1=" " ind2="0" tag="651"><subfield code="a">Omaha (Neb.)</subfield><subfield code="v">Newspapers.</subfield></datafield><datafield ind1=" " ind2="7" tag="655"><subfield code="a">Newspapers.</subfield><subfield code="2">fast</subfield><subfield code="0">(OCoLC)fst01423814</subfield></datafield><datafield ind1=" " ind2="7" tag="650"><subfield code="a">Jewish newspapers.</subfield><subfield code="2">fast</subfield><subfield code="0">(OCoLC)fst00982872</subfield></datafield><datafield ind1=" " ind2="7" tag="651"><subfield code="a">Middle West.</subfield><subfield code="2">fast</subfield><subfield code="0">(OCoLC)fst01240052</subfield></datafield><datafield ind1=" " ind2="7" tag="651"><subfield code="a">Nebraska</subfield><subfield code="z">Omaha.</subfield><subfield code="2">fast</subfield><subfield code="0">(OCoLC)fst01204995</subfield></datafield><datafield ind1=" " ind2="7" tag="651"><subfield code="a">United States.</subfield><subfield code="2">fast</subfield><subfield code="0">(OCoLC)fst01204155</subfield></datafield><datafield ind1=" " ind2=" " tag="752"><subfield code="a">United States</subfield><subfield code="b">Nebraska</subfield><subfield code="c">Douglas</subfield><subfield code="d">Omaha.</subfield></datafield><datafield ind1="4" ind2="1" tag="856"><subfield code="u">http://www.softlineweb.com/softlineweb/ethnic.htm</subfield></datafield><datafield ind1=" " ind2=" " tag="936"><subfield code="a">INC</subfield><subfield code="a">Vol. 74, no. 12 (Nov. 29, 1996) LIC</subfield></datafield></record>